@book{ebookmorris,
    Author = {W. Bolton},
    Title = {Programmable Logic Controllers, Fourth Edition},
    Publisher = {Newnes},
    Year = {2006},
    ISBN = {0750681128},
    URL = {http://www.amazon.com/Programmable-Logic-Controllers-Fourth-Bolton/dp/0750681128%3FSubscriptionId%3D0JYN1NVW651KCA56C102%26tag%3Dws%26linkCode%3Dxm2%26camp%3D2025%26creative%3D165953%26creativeASIN%3D0750681128}
  }